@inproceedings{doha,
author = {Erbad, Aiman and Hutchinson, Norman and Krasic, Charles},
year = {2012},
month = {04},
pages = {},
title = {DOHA: Scalable real-time web applications through adaptive concurrent execution},
journal = {WWW'12 - Proceedings of the 21st Annual Conference on World Wide Web},
doi = {10.1145/2187836.2187859}
}

@INPROCEEDINGS{watanabe,  author={Y. {Watanabe} and S. {Okamoto} and M. {Kohana} and M. {Kamada} and T. {Yonekura}},  booktitle={2013 16th International Conference on Network-Based Information Systems},   title={A Parallelization of Interactive Animation Software with Web Workers},   year={2013},  volume={},  number={},  pages={448-452},  doi={10.1109/NBiS.2013.74}}

@article{zhang,
	author = {Zhang, Jin and Liu, Weilai and Zhao, Wenjian and Ma, Xuan and Xu, Haocong and Gong, Xiaoli and Liu, Chengcheng and Yu, Haiyang},
	year = {2018},
	month = {01},
	pages = {},
	title = {A Webpage Offloading Framework for Smart Devices},
	volume = {23},
	journal = {Mobile Networks and Applications},
	doi = {10.1007/s11036-018-1009-z}
}

@ARTICLE{verdu,  author={J. {Verd√∫} and A. {Pajuelo}},  journal={IEEE Computer Architecture Letters},   title={Performance Scalability Analysis of JavaScript Applications with Web Workers},   year={2016},  volume={15},  number={2},  pages={105-108},  doi={10.1109/LCA.2015.2494585}}